@inproceedings{Refining,
  author    = {Lu X., Fahland D., van den Biggelaar F.J.H.M., van der Aalst W.M.P.},
  title     = {Handling Duplicated Tasks in Process Discovery by Refining Event Labels.},
  booktitle = {La Rosa M., Loos P., Pastor O. (eds) Business Process Management. BPM 2016. Lecture Notes in Computer Science, vol 9850. Springer, Cham},
  year      = {2016},
}
